%% LaTeX2e file `laporan.bib'
%% generated by the `filecontents' environment
%% from source `laporan' on 2019/09/26.
%%
  @manual{abntex2classe,
  Author = {abnTeX2 and Lauro},
  Organization = {Equipe abnTeX2},
  Title = {A classe abntex2},
  Note = {Substitui \cite{abntex2classe2}},
  Year = {2013}
}
@manual{abntex2classe2,
  Author = {abnTeX2 and Lauro},
  Organization = {Equipe abnTeX2},
  Title = {A classe abntex2},
  Year = {2013}
}
  @book{progit,
  author =       {Scott Chacon and Ben Straub},
  title =        {Pro Git},
  address =      {Pamekasan},
  publisher =    {Apress},
  year =         {2014}
}

@misc{DZone,
title ="Static Site Generator Overview: Gatsby vs. Hugo vs. Jekyll",
howpublished = "https://dzone.com/articles/static-site-generators-overview-gatsby-vs-hugo-vs"
}

@misc{freecodecamp,
title ="Gatsby vs Hugo, a detailed comparison",
howpublished = "https://www.freecodecamp.org/news/gatsby-vs-hugo-a-detailed-comparison-e78d94f640fc/"
}

@misc{Dewaweb,
title ="Apa itu SSL (secure socker layer)?,
howpublished = "https://www.dewaweb.com/index.php?rp=/knowledgebase/86/Apa-itu-SSL-Secure-Socket-Layer.html"
}

