%% LaTeX2e file `-pustaka.bib'
%% generated by the `filecontents' environment
%% from source `laporan' on 2019/09/26.
%%
  @book{progit,
  author =       {Scott Chacon and Ben Straub},
  title =        {Pro Git},
  address =      {Pamekasan},
  publisher =    {Apress},
  year =         {2014}
}


  @book{thedocker,
  author =       {James Turnbull},
  title =        {The Docker Book},
  ISBN =      {0988820234},
  publisher =    {Lulu.com},
  year =         {2018}
}

@misc{DZone,
title ="Static Site Generator Overview: Gatsby vs. Hugo vs. Jekyll",
howpublished = "https://dzone.com/articles/static-site-generators-overview-gatsby-vs-hugo-vs"
}

@misc{ref:freecodecamp,
author = "Developer Davo",
year  = "2018",
title ="Gatsby vs Hugo, a detailed comparison",
howpublished = "https://www.freecodecamp.org/news/gatsby-vs-hugo-a-detailed-comparison-e78d94f640fc/"
}